@article{provot,
author = {Provot, Xavier},
year = {2001},
month = {09},
title = {Deformation Constraints in a Mass-Spring Model to Describe Rigid Cloth Behavior},
volume = {23(19)},
journal = {Graphics Interface}
}

@inproceedings{hutchinson,
	address = {Vienna},
	author = {Hutchinson, Dave and Preston, Martin and Hewitt, Terry},
	booktitle = {Computer Animation and Simulation '96},
	editor = {Boulic, Ronan and H{\'e}gron, Gerard},
	isbn = {978-3-7091-7486-9},
	pages = {31--45},
	publisher = {Springer Vienna},
	title = {Adaptive Refinement for Mass/Spring Simulations},
	year = {1996}
}

@article{kahler,
author = {Kähler, Kolja and Haber, Jörg and Seidel, Hans-Peter},
year = {2003},
month = {08},
pages = {},
title = {Dynamically refining animated triangle meshes for rendering},
volume = {19},
journal = {The Visual Computer, v.19, 310-318 (2003)},
doi = {10.1007/s00371-002-0185-8}
}