@article{article,
author = {Provot, Xavier},
year = {2001},
month = {09},
pages = {},
title = {Deformation Constraints in a Mass-Spring Model to Describe Rigid Cloth Behavior},
volume = {23(19)},
journal = {Graphics Interface}
}
@inproceedings{Hutchinson1996AdaptiveRF,
  title={Adaptive refinement for mass/spring simulations},
  author={David A. Hutchinson and Martin Preston and Terry Hewitt},
  year={1996},
  url={https://api.semanticscholar.org/CorpusID:15361518}
}
@article{article,
author = {Kähler, Kolja and Haber, Jörg and Seidel, Hans-Peter},
year = {2003},
month = {08},
pages = {},
title = {Dynamically refining animated triangle meshes for rendering},
volume = {19},
journal = {The Visual Computer, v.19, 310-318 (2003)},
doi = {10.1007/s00371-002-0185-8}
}